@misc{dane-o-problemach-z-sercem,
    title = {Dane o problemach z sercem},
    howpublished = {\url{https://politykazdrowotna.com/artykul/alarmujace-dane-polacy/1183174}},
    note = {Dostępność: 2024-06-04},
}

@misc{elektrokardiografia-wikipedia,
    title = {Elektrokardiografia},
    howpublished = {\url{https://pl.wikipedia.org/wiki/Elektrokardiografia}},
    note = {Dostępność: 2024-05-30},
}

@misc{elektrokardiogram-wykres,
    title = {Wykres elektrokardiogramu},
    howpublished = {\url{https://commons.wikimedia.org/w/index.php?curid=196649}},
    note = {CC BY-SA 3.0, Dostępność: 2024-05-30}
}

@misc{ecg-abnormalities,
    title = {ECG Abnormalities},
    howpublished = {\url{https://almostadoctor.co.uk/encyclopedia/ecg-abnormalities}},
    note = {Dostępność: 2024-06-03}
}

@misc{ecg-heartbeat-categorization-dataset,
    title = {ECG Heartbeat Categorization Dataset},
    howpublished = {\url{https://www.kaggle.com/datasets/shayanfazeli/heartbeat}},
    note = {Dostępność: 2024-06-03}
}

@misc{anomaly-detection,
    title = {Anomaly detection},
    howpublished = {\url{https://www.techtarget.com/searchenterpriseai/definition/anomaly-detection#:~:text=Some%20of%20the%20most%20popular,nearest%20neighbor%20and%20Isolation%20Forest.}},
    note = {Dostępność: 2024-05-30}
}

@article{heartpy-1,
    author = "Paul van Gent and Haneen Farah and Nicole van Nes and Bart van Arem",
    title = "Analysing Noisy Driver Physiology Real-Time Using Off-the-Shelf Sensors: Heart Rate Analysis Software from the Taking the Fast Lane Project",
    journal = "Journal of Open Research Software",
    note = {\url{http://doi.org/10.5334/jors.241}},
    year = 2019
}

@article{heartpy-2,
    author = "Paul van Gent and Haneen Farah and Nicole van Nes and Bart van Arem",
    title = "HeartPy: A novel heart rate algorithm for the analysis of noisy signals. Transportation Research Part F: Traffic Psychology and Behaviour",
    journal = "Journal of Open Research Software",
    note = {\url{https://doi.org/10.1016/j.trf.2019.09.015}},
    year = 2019
}

@misc{czym-jest-ekg-mp-pl,
    title = {Elektrokardiografia (EKG)},
    howpublished = {\url{https://www.mp.pl/pacjent/badania_zabiegi/152094,elektrokardiografia-ekg}},
    note = {Dostępność: 2024-06-04},
}
@misc{ekg-odprowadzenia-konczynowe,
    title = {EKG odprowadzenia},
    howpublished = {\url{https://adst.mp.pl/img/articles/Badania/ekg_odprowadzenia.jpg}},
    note = {Dostępność: 2024-06-04},
}
@misc{ekg-analiza,
    title = {EKG analiza},
    howpublished = {\url{https://adst.mp.pl/img/articles/choroby-ukladu-krazenia/badania/krzywa-ekg.jpg}},
    note = {Dostępność: 2024-06-04},
}

@misc{ptb-diagnostic-ecg-database,
    title = {PTB Diagnostic ECG Database},
    howpublished = {\url{https://physionet.org/content/ptbdb/1.0.0/}},
    note = {Dostępność: 2024-06-04}
}

@book{Podrecznik-AI,
    author = {Marek Lewiński},
    title = {Algorytmy i metody uczenia maszynowego Wykorzystanie algorytmów uczenia maszynowego w modelowaniu danych Podręcznik},
    year = 2020
}

@misc{logistic-regression-graph,
    title = {Exam pass logistic curve},
    howpublished = {\url{https://en.wikipedia.org/wiki/Logistic_regression#/media/File:Exam_pass_logistic_curve.svg}},
    note = {Dostępność: 2024-06-05}
}

@misc{svm-visualization,
    title = {SVM kernel trick},
    howpublished = {\url{https://machine-learning-note.readthedocs.io/en/latest/_images/svm_kernel_trick.png}},
    note = {Dostępność: 2024-06-05}
}

@misc{classification-models,
    title = {Classification Models},
    howpublished = {\url{https://www.mathworks.com/campaigns/offers/next/choosing-the-best-machine-learning-classification-model-and-avoiding-overfitting.html}},
    note = {Dostępność: 2024-06-05}
}

@misc{boosting-1,
    title = {What is boosting?},
    howpublished = {\url{https://www.ibm.com/topics/boosting}},
    note = {Dostępność: 2024-06-05}
}

@misc{boosting-2,
    title = {Machine Learning concept 53: XGBoosting \& Adaboosting},
    howpublished = {\url{https://medium.com/@chandu.bathula16/machine-learning-concept-53-xgboosting-adaboosting-663cd8c920e2#:~:text=Comparing%20XGBoost%20%26%20Adaboost%3A&text=XGBoost%20uses%20gradient%20descent%20to,simpler%20and%20easier%20to%20implement}},
    note = {Dostępność: 2024-06-05}
}

@misc{xg-boost,
    title = {XGBoost Documentation},
    howpublished = {\url{https://xgboost.readthedocs.io/en/stable/}},
    note = {Dostępność: 2024-06-07}
}

@misc{osemn,
    title = {OSEMN stream diagram},
    howpublished = {\url{https://www.datascience-pm.com/wp-content/uploads/2023/01/osemn-2-480x215.png}},
    note = {Dostępność: 2024-06-07}
}

@misc{boosting-diagram,
    title = {Boosting diagram},
    howpublished = {\url{https://media.geeksforgeeks.org/wp-content/uploads/20210707140911/Boosting.png}},
    note = {Dostępność: 2024-06-07}
}


@misc{gradient-boosting,
    title = {Gradient Boosting},
    howpublished = {\url{https://machinelearningmastery.com/gentle-introduction-gradient-boosting-algorithm-machine-learning/}},
    note = {Dostępność: 2024-06-07}
}

                               
@misc{adaboost,
    title = {AdaBoost},
    howpublished = {\url{https://www.machinelearningplus.com/machine-learning/introduction-to-adaboost/}},
    note = {Dostępność: 2024-06-07}
}